<?xml version="1.0" encoding="UTF-8"?><collection xmlns="http://www.loc.gov/MARC21/slim"><record><leader>00430nam--2200169-i-4500</leader><controlfield tag="001">000022596</controlfield><controlfield tag="002">20161230</controlfield><controlfield tag="005">20170121210243</controlfield><controlfield tag="008">060222s1000------------r-----000-0-eng-d</controlfield><datafield ind1=" " ind2=" " tag="080"><subfield code="a">543.27</subfield></datafield><datafield ind1=" " ind2=" " tag="100"><subfield code="a">Harbison, E. J</subfield></datafield><datafield ind1=" " ind2=" " tag="245"><subfield code="a">High speed bof off-gas analysis system</subfield></datafield><datafield ind1=" " ind2=" " tag="260"><subfield code="a">Pittsburgh</subfield><subfield code="b">Jones &amp; Laughlin Steel Corp</subfield><subfield code="c">1967</subfield></datafield><datafield ind1=" " ind2=" " tag="300"><subfield code="a">10 p</subfield></datafield><datafield ind1=" " ind2=" " tag="700"><subfield code="a">Houser, E. A</subfield></datafield><datafield ind1=" " ind2=" " tag="852"><subfield code="a">25784</subfield></datafield><datafield ind1=" " ind2=" " tag="CAT"><subfield code="a">SYS</subfield><subfield code="c">20170121</subfield><subfield code="h">210243</subfield></datafield></record></collection>